<?xml version="1.0" encoding="UTF-8"?><collection xmlns="http://www.loc.gov/MARC21/slim"><record><leader>00620nam--2200169-i-4500</leader><controlfield tag="001">000016228</controlfield><controlfield tag="002">20161230</controlfield><controlfield tag="005">20161230201031</controlfield><controlfield tag="008">060222s1000------------r-----000-0-eng-d</controlfield><datafield ind1=" " ind2=" " tag="040"><subfield code="a">IFIN-HH</subfield></datafield><datafield ind1=" " ind2=" " tag="080"><subfield code="a">539.186:535.352</subfield></datafield><datafield ind1="1" ind2=" " tag="100"><subfield code="a">Mcdowell, M.R.C</subfield></datafield><datafield ind1="1" ind2="0" tag="245"><subfield code="a">Atomic collision processes</subfield><subfield code="b">The proceedings of the third internationaln conference on the physics of electronic and atomic collisions university college, london, 22nd-26th july, 1963</subfield><subfield code="c">M.r.c. mcdowell (ed.)</subfield></datafield><datafield ind1=" " ind2=" " tag="260"><subfield code="a">Amsterdam</subfield><subfield code="b">North-holland Publishing Company</subfield><subfield code="c">1964</subfield></datafield><datafield ind1=" " ind2=" " tag="300"><subfield code="a">XV + 1165P</subfield></datafield><datafield ind1=" " ind2=" " tag="852"><subfield code="a">19732</subfield><subfield code="c">539.18</subfield></datafield><datafield ind1=" " ind2=" " tag="CAT"><subfield code="a">Sys</subfield><subfield code="c">20120629</subfield><subfield code="h">145925</subfield></datafield></record></collection>